% Qulity assured

@Article{ACP:Falk2017,
AUTHOR = {Falk, S. and Sinnhuber, B.-M. and Krysztofiak, G. and J\"ockel, P. and Graf, P. and Lennartz, S. T.},
TITLE = {Brominated VSLS and their influence on ozone under a changing climate},
JOURNAL = {{Atmos. Chem. Phys.}},
VOLUME = {17},
YEAR = {2017},
NUMBER = {18},
PAGES = {11313--11329},
OPTURL = {https://www.atmos-chem-phys.net/17/11313/2017/},
DOI = {10.5194/acp-17-11313-2017}
}

@article{GMD:Falk2018,
Author = {Falk, S. and Sinnhuber, B.-M.},
Title = {{Polar boundary layer bromine explosion and ozone depletion events in the
   chemistry-climate model EMAC v2.52: implementation and evaluation of
   AirSnow algorithm}},
Journal = {{Geosci. Model Dev.}},
Year = {2018},
Volume = {11},
Number = {3},
Pages = {{1115--1131}},
Month = {{MAR 28}},
DOI = {10.5194/gmd-11-1115-2018},
ISSN = {{1991-959X}},
EISSN = {{1991-9603}},
}

@article{GMD:Falk2019,
AUTHOR = {Falk, S. and S{\o}vde Haslerud, A.},
TITLE = {Update and evaluation of the ozone dry deposition in Oslo CTM3 v1.0},
JOURNAL = {{Geosci. Model Dev.}},
VOLUME = {12},
YEAR = {2019},
NUMBER = {11},
PAGES = {4705--4728},
OPTURL = {https://www.geosci-model-dev.net/12/4705/2019/},
DOI = {10.5194/gmd-12-4705-2019},
Month = {NOV 08},
}

@Article{WCD:Kuchar2020,
AUTHOR = {Kuchar, A. and Sacha, P. and Eichinger, R. and Jacobi, C. and Pisoft, P. and Rieder, H. E.},
TITLE = {On the intermittency of orographic gravity wave hotspots and its importance for middle atmosphere dynamics},
JOURNAL = {{Weather Clim. Dynam.}},
VOLUME = {1},
YEAR = {2020},
NUMBER = {2},
PAGES = {481--495},
OPTURL = {https://wcd.copernicus.org/articles/1/481/2020/},
DOI = {10.5194/wcd-1-481-2020}
}


@Article{AP:Kirchsteiger2020,
AUTHOR = {Kirchsteiger, Bernadette and Kistler, Magdalena and Steinkogler, Thomas and Herzig, Christopher and Limbeck, Andreas and Schmidt, Christian and Rieder, Harald and Kasper-Giebl, Anne},
TITLE = {Combination of Different Approaches to Infer Local or Regional Contributions to PM2.5 Burdens in Graz, Austria},
JOURNAL = {{Appl. Sci.}},
VOLUME = {10},
YEAR = {2020},
NUMBER = {12},
ARTICLE-NUMBER = {4222},
OPTURL = {https://www.mdpi.com/2076-3417/10/12/4222},
ISSN = {2076--3417},
DOI = {10.3390/app10124222}
}

@article{PTRS:Schneidemesser2020,
author = {von Schneidemesser, Erika and Driscoll, Charles and Rieder, Harald E. and Schiferl, Luke D. },
title = {How will air quality effects on human health, crops and ecosystems change in the future?},
journal = {{Philos. Trans. R. Soc. A}},
volume = {378},
number = {2183},
pages = {20190330},
year = {2020},
doi = {10.1098/rsta.2019.0330},
OPTURL = {https://royalsocietypublishing.org/doi/abs/10.1098/rsta.2019.0330},
OPTeprint = {https://royalsocietypublishing.org/doi/pdf/10.1098/rsta.2019.0330}
}

@article{IJBM:Oswald2019,
Author = {Oswald, Sandro M. and Revesz, Michael and Trimmel, Heidelinde and Weihs,
   Philipp and Zamini, Shokufeh and Schneider, Astrid and Peyerl, Martin
   and Krispel, Stefan and Rieder, Harald E. and Mursch-Radlgruber, Erich
   and Lindberg, Fredrik},
Title = {{Coupling of urban energy balance model with 3-D radiation model to
   derive human thermal (dis)comfort}},
Journal = {{Int. J. Biometeorol}},
Year = {2019},
Volume = {{63}},
Number = {{6}},
Pages = {711--722},
Month = {{JUN}},
DOI = {10.1007/s00484-018-1642-z},
OPTISSN = {{0020-7128}},
}

@article{AR:Baumgartner2019,
Author = {Baumgartner, D. J. and Weihs, P. and Kubu, G. and Oswald, S. M. and
   Poetzi, W. and Freislich, H. and Strutzmann, H. and Foelsche, U. and
   Veronig, A. M. and Rieder, H. E.},
Title = {{Investigating the topographic influence on short-wave irradiance
   measurements: A case study for Kanzelhohe Observatory, Austria}},
Journal = {{Atmos. Res.}},
Year = {2019},
Volume = {{219}},
Pages = {{106--113}},
Month = {MAY 1},
DOI = {10.1016/j.atmosres.2018.12.012},
OPTISSN = {{0169-8095}},
}

@article{ERL:Rieder2019,
Author = {Rieder, Harald E. and Chiodo, Gabriel and Fritzer, Johannes and
   Wienerroither, Clemens and Polvani, Lorenzo M.},
Title = {{Is interactive ozone chemistry important to represent polar cap
   stratospheric temperature variability in Earth-System Models?}},
Journal = {{Environ. Res. Lett.}},
Year = {2019},
Volume = {{14}},
Number = {{4}},
Month = {APR},
DOI = {10.1088/1748-9326/ab07ff},
OPTISSN = {{1748-9326}},
}

@article{AE:Rieder2018,
author = {Harald E. Rieder and Arlene M. Fiore and Olivia E. Clifton and Gustavo Correa and Larry W. Horowitz and Vaishali Naik},
title = {Combining model projections with site-level observations to estimate changes in distributions and seasonality of ozone in surface air over the U.S.A.},
journal = {{Atmos. Environ.}},
volume = {193},
pages = {302--315},
year = {2018},
issn = {1352-2310},
doi = {10.1016/j.atmosenv.2018.07.042},
OPTurl = {https://www.sciencedirect.com/science/article/pii/S1352231018304941},
keywords = {Surface ozone, Ozone precursor emissions, Climate change, Representative concentration pathways, Methane, Seasonality}
}

@article{TAC:Baumgartner2018,
Author = {Baumgartner, D. J. and Poetzi, W. and Freislich, H. and Strutzmann, H.
   and Veronig, A. M. and Foelsche, U. and Rieder, H. E.},
Title = {{A comparison of long-term parallel measurements of sunshine duration
   obtained with a Campbell-Stokes sunshine recorder and two automated
   sunshine sensors}},
Journal = {{Theor. Appl. Climatol.}},
Year = {2018},
Volume = {{133}},
Number = {{1-2}},
Pages = {{263-275}},
Month = {{JUL}},
DOI = {10.1007/s00704-017-2159-9},
OPTISSN = {{0177-798X}},
}

@article{TAC:Schwarz2018,
Author = {Schwarz, Matthias and Baumgartner, Dietmar J. and Pietsch, Helga and
   Blumthaler, Mario and Weihs, Philipp and Rieder, Harald E.},
Title = {{Influence of low ozone episodes on erythemal UV-B radiation in Austria}},
Journal = {{Theor. Appl. Climatol.}},
Year = {2018},
Volume = {{133}},
Number = {{1-2}},
Pages = {{319-329}},
Month = {JUL},
DOI = {10.1007/s00704-017-2170-1},
OPTISSN = {{0177-798X}},
}

@article{ESA:Young2018,
Author = {Young, P. J. and Naik, V. and Fiore, A. M. and Gaudel, A. and Guo, J.
   and Lin, M. Y. and Neu, J. L. and Parrish, D. D. and Rieder, H. E. and
   Schnell, J. L. and Tilmes, S. and Wild, O. and Zhang, L. and Ziemke, J.
   and Brandt, J. and Delcloo, A. and Doherty, R. M. and Geels, C. and
   Hegglin, M. I. and Hu, L. and Im, U. and Kumar, R. and Luhar, A. and
   Murray, L. and Plummer, D. and Rodriguez, J. and Saiz-Lopez, A. and
   Schultz, M. G. and Woodhouse, M. T. and Zeng, G.},
Title = {{Tropospheric Ozone Assessment Report: Assessment of global-scale model
   performance for global and regional ozone distributions, variability,
   and trends}},
Journal = {{Elementa-Sci Anthrop.}},
Year = {2018},
Volume = {{6}},
Month = {JAN 31},
DOI = {10.1525/elementa.265},
Article-Number = {{10}},
OPTISSN = {{2325-1026}},
}

@article{ANYAS:Shimkus2017,
Author = {Shimkus, Cari E. and Ting, Mingfang and Booth, James F. and Adamo,
   Susana B. and Madajewicz, Malgosia and Kushnir, Yochanan and Rieder,
   Harald E.},
Title = {{Winter storm intensity, hazards, and property losses in the New York
   tristate area}},
Journal = {{Ann. N. Y. Acad. Sci.}},
Year = {2017},
Volume = {{1400}},
Number = {{1, SI}},
Pages = {{65--80}},
Month = {JUL},
DOI = {10.1111/nyas.13396},
OPTISSN = {{0077-8923}},
}

@article{AMT:Baumgartner2017,
Author = {Baumgartner, D. J. and Poetzi, Werner and Freislich, Heinrich and
   Strutzmann, Heinz and Veronig, Astrid M. and Rieder, Harald E.},
Title = {{An automated method for the evaluation of the pointing accuracy of
   Sun-tracking devices}},
Journal = {{Atmos. Meas. Tech.}},
Year = {2017},
Volume = {{10}},
Number = {{3}},
Month = {{MAR 22}},
DOI = {10.5194/amt-10-1181-2017},
OPTISSN = {{1867-1381}},
}

@article{AMT:Oswald2017,
Author = {Oswald, Sandro M. and Pietsch, Helga and Baumgartner, D. J. and
   Weihs, Philipp and Rieder, Harald E.},
Title = {{Pyranometer offsets triggered by ambient meteorology: insights from
   laboratory and field experiments}},
Journal = {{Atmos. Meas. Tech.}},
Year = {2017},
Volume = {{10}},
Number = {{3}},
Pages = {{1169--1179}},
Month = {{MAR 21}},
DOI = {10.5194/amt-10-1169-2017},
OPTISSN = {{1867-1381}},
}


% Not quality assured
@InProceedings{EGU:Falk2021,
  author =       {Falk, S. and Vollsnes, A. V. and Emberson, L. and O'Neill, C. and Berglen Eriksen, A. E. and Stordal, F. and Koren Berntsen, T.},
  title =        {{The 2018 heatwave and its implications on ozone induced damage on vegetation in a subarctic climate}},
  year =      {2021},
  number =    {{EGU21-15000}},
  month =     {{19--30 Apr 2021}},
  doi =   {10.5194/egusphere-egu21-15000},
  organization = {{EGU General Assembly 2021}},
  publisher = {{vPICO}},
}

@InProceedings{ICPTF:Falk2021,
  author =       {Falk, S. and Vollsnes, A. V. and Emberson, L. and O'Neill, C. and Berglen Eriksen, A. E. and Stordal, F. and Koren Berntsen, T.},
  title =        {{Characterizing subarctic biomes for land surface modeling of pollution and climate risk}},
  year =      {2021},
  number =    {{34}},
  month =     {{22--25 Feb 2021}},
  url =   {https://icpvegetation.ceh.ac.uk/34th-icp-vegetation-task-force-meeting},
  organization = {{ICP Vegetation - Taskforce Meeting}},
  publisher = {{poster}},
} 

@InProceedings{ICPTF:Falk2020,
  author =       {Falk, S. and Vollsnes, A. V. and Eriksen, A. and Stordal, F. and Koren Berntsen, T.},
  title =        {{Surface Ozone in Northern Scandinavia and Implications on Local Vegetation - A Case Study}},
  year =      {2020},
  number =    {{33}},
  month =     {{27--30 Jan 2020}},
  url =   {https://icpvegetation.ceh.ac.uk/33rd-icp-vegetation-task-force-meeting},
  organization = {{ICP Vegetation - Taskforce Meeting}},
  publisher = {{poster}},
}


@InProceedings{CESMWP:Falk2021,
  author =       {Falk, S.},
  title =        {{OzoneLUNA: Ozone damage in CLM revisited}},
  year =      {2021},
  number =    {{34}},
  month =     {{23--25 Feb 2021}},
  url =   {https://www.cesm.ucar.edu/events/wg-meetings/2021/files/land/Falk.pdf},
  organization = {{CESM Land Model \& Biogeochemistry Working Group Meeting}},
  publisher = {{presentation}},
}

@TechReport{IVL:Karlsson2021,
  author =       {P. E. Karlsson and H. Pleijel and C. Andersson and R. Bergström and M. Engardt and A. Eriksen and S. Falk and J. Klingberg and J. Langner and S. Manninen and F. Stordal and H. Tømmervik and A.V. Vollsnes},
  title =        {The vulnerability of northern European vegetation to ozone damage in a changing climate - An assessment based on current knowledge},
  institution =  {IVL Svenska Miljöinstitutet},
  year =         {2021},
  pages =        {60},
  number =    {C586},
  url =      {https://www.ivl.se/publikationer/publikation.html?id=6220},
}

@Misc{blog:Falk2021,
  author =    {S. Falk and A.V. Vollsnes},
  title =     {Skogplanting og framtidas by},
  howpublished = {online, blog Søkelys på skogplanting, forskning.no},
  month =     {{MAR 19}},
  year =      {2021},
  url = {https://blogg.forskning.no/blogg-sokelys-pa-skogplanting/skogplanting-og-framtidas-by/1830569},
}


@InProceedings{EGU:Stahle2021,
  author =       {Stähle, C. and Mayer, M. and Schmidt, C. and Kult, J. and Klaus, V. and Trimmel, H. and Schreier, S. and Karlicky, J. and Alexander, M. and Rieder, H.},
  title =        {{30 years of surface ozone measurements in Austria: long-term trends, attainment statistics, and changes in the temperature sensitivity of surface ozone production}},
  year =      {2021},
  number =    {{EGU21-11467}},
  month =     {{19--30 Apr 2021}},
  doi =   {10.5194/egusphere-egu21-11467},
  organization = {{EGU General Assembly 2021}},
  publisher = {{vPICO}},
}

@InProceedings{EGU:Sacha2021,
  author =       {Šácha, P. and Kuchař, A. and Eichinger, R. and Pišoft, P. and Jacobi, C. and Rieder, H.},
  title =        {{Diverse dynamical response to orographic gravity wave drag hotspots - a zonal mean perspective}},
  year =      {2020},
  number =    {{EGU21-234}},
  month =     {{19--30 Apr 2021}},
  doi =   {10.5194/egusphere-egu21-234},
  organization = {{EGU General Assembly 2021}},
  publisher = {{vPICO}},
}

@InProceedings{EGU:Booth2020,
  author =       {Booth, J. and Rieder, H.},
  title =        {{United States East Coast Storm Surge and Cyclone track Characteristics: Differences and Similarities for Extratropical Cyclones and Hurricanes}},
  year =      {2020},
  number =    {{EGU2020-12444}},
  month =     {{4--8 May 2020}},
  doi =   {10.5194/egusphere-egu2020-12444},
  organization = {{EGU General Assembly 2020}},
  publisher = {{vPICO}},
}

@InProceedings{EGU:Stahle2020,
  author =       {Stähle, C. and Rieder, H. and Mayer, M.},
  title =        {{Changes in European surface ozone air quality over the 21st century}},
  year =      {2020},
  number =    {{EGU2020-9445}},
  month =     {{4--8 May 2020}},
  doi =   {10.5194/egusphere-egu2020-9445},
  organization = {{EGU General Assembly 2020}},
  publisher = {{vPICO}},
}

@InProceedings{EGU:Rieder2020,
  author =       {Rieder, H. and Šácha, P. and Eichinger, R. and Kuchar, A. and Samtleben, N. and Pišoft, P. and Jacobi, C.},
  title =        {{A different perspective on how parameterized orographic gravity waves influence atmospheric transport and dynamics in current generation global climate models}},
  year =      {2020},
  number =    {{EGU2020-4171}},
  month =     {{4--8 May 2020}},
  doi =   {10.5194/egusphere-egu2020-4171},
  organization = {{EGU General Assembly 2020}},
  publisher = {{vPICO}},
}

@InProceedings{EGU:Rieder2019,
  author =       {Harald E. Rieder and Johannes Fritzer and Lorenzo M. Polvani and Susan Solomon},
  title =        {{Are springtime Arctic ozone concentrations predictable from wintertime observations?}},
  year =      {2019},
  number =    {{EGU2019-11257}},
  month =     {{7--12 April 2019}},
  url =   {https://meetingorganizer.copernicus.org/EGU2019/EGU2019-11257.pdf},
  organization = {{EGU General Assembly 2019}},
  publisher = {{oral}},
}

@InProceedings{EGU:Stahle2019,
  author =       {Christoph Stähle and Harald E. Rieder and Monika Mayer and Arlene M. Fiore},
  title =        {{Changes in European surface ozone air quality: past, present, future}},
  year =      {2019},
  number =    {{EGU2019-16139}},
  month =     {{7--12 April 2019}},
  url =   {https://meetingorganizer.copernicus.org/EGU2019/EGU2019-16139.pdf},
  organization = {{EGU General Assembly 2019}},
  publisher = {{PICO}},
}

@InProceedings{EGU:Schmidt2019,
  author =       {Christian A. Schmidt and Peter Huszar and Monika Mayer and Johannes Fritzer and Harald E. Rieder},
  title =        {{Decadal changes in PM pollution in urban cores in the light of emission changes and meteorological variability: a case study for the cities of Graz (Austria) and Prague (Czech Republic)}},
  year =      {2019},
  number =    {{EGU2019-9514}},
  month =     {{7--12 April 2019}},
  url =   {https://meetingorganizer.copernicus.org/EGU2019/EGU2019-9514.pdf},
  organization = {{EGU General Assembly 2019}},
  publisher = {{PICO}},
}

@InProceedings{EGU:Mayer2019,
  author =       {Monika Mayer and Wolfgang Spangl and Johann Hiebl and Marc Olefs and Harald E. Rieder},
  title =        {{Changes in surface ozone abundances in Austria}},
  year =      {2019},
  number =    {{EGU2019-7618}},
  month =     {{7--12 April 2019}},
  url =   {https://meetingorganizer.copernicus.org/EGU2019/EGU2019-7618.pdf},
  organization = {{EGU General Assembly 2019}},
  publisher = {{PICO}},
}

@InProceedings{EGU:Stahle2018,
  author =       {Christoph Stähle and Harald E. Rieder and Monika Mayer and Arlene M. Fiore},
  title =        {{Past and future changes in surface ozone pollution in Central Europe: insights from observations and chemistry-climate model simulations}},
  year =      {2018},
  number =    {{EGU2018-12677}},
  month =     {{8--13 April 2018}},
  url =   {https://meetingorganizer.copernicus.org/EGU2018/EGU2018-12677.pdf},
  organization = {{EGU General Assembly 2018}},
  publisher = {{PICO}},
}

@InProceedings{EGU:Schmidt2019,
  author =       {Christian A. Schmidt and Harald E. Rieder},
  title =        {{On the role of stagnation as driver of surface PM pollution: a case study for long-term observations from Styria, Austria}},
  year =      {2018},
  number =    {{EGU2018-8727}},
  month =     {{8--13 April 2018}},
  url =   {https://meetingorganizer.copernicus.org/EGU2018/EGU2018-8727.pdf},
  organization = {{EGU General Assembly 2018}},
  publisher = {{vPICO}},
}

@InProceedings{EGU:Mayer2018,
  author =       {Monika Mayer and Harald Rieder},
  title =        {{Climate change impacts on local air quality: A case study for surface ozone in Southern Austria}},
  year =      {2018},
  number =    {{EGU2018-6708}},
  month =     {{8--13 April 2018}},
  url =   {https://meetingorganizer.copernicus.org/EGU2018/EGU2018-6708-2.pdf},
  organization = {{EGU General Assembly 2018}},
  publisher = {{posters}},
}



